<?xml version="1.0" encoding="UTF-8"?><collection xmlns="http://www.loc.gov/MARC21/slim"><record><leader>00390nam--2200157-i-4500</leader><controlfield tag="001">000034364</controlfield><controlfield tag="002">20161230</controlfield><controlfield tag="005">20170112000328</controlfield><controlfield tag="008">060222s1000------------r-----000-0-eng-d</controlfield><datafield ind1=" " ind2=" " tag="100"><subfield code="a">Noller, Carl R</subfield></datafield><datafield ind1=" " ind2=" " tag="245"><subfield code="a">Chemistry of organic compounds</subfield></datafield><datafield ind1=" " ind2=" " tag="250"><subfield code="a">second edition</subfield></datafield><datafield ind1=" " ind2=" " tag="260"><subfield code="a">London</subfield><subfield code="b">W.B.Saunders Co</subfield><subfield code="c">1961</subfield></datafield><datafield ind1=" " ind2=" " tag="300"><subfield code="a">X + 978 p</subfield></datafield><datafield ind1=" " ind2=" " tag="852"><subfield code="a">18569</subfield></datafield><datafield ind1=" " ind2=" " tag="CAT"><subfield code="a">SYS</subfield><subfield code="c">20170112</subfield><subfield code="h">000328</subfield></datafield></record></collection>